@inproceedings{DBLP:conf/cav/HuangKWW17,
  author    = {Xiaowei Huang and
               Marta Kwiatkowska and
               Sen Wang and
               Min Wu},
  editor    = {Rupak Majumdar and
               Viktor Kuncak},
  title     = {Safety Verification of Deep Neural Networks},
  booktitle = {Computer Aided Verification - 29th International Conference, {CAV}
               2017, Heidelberg, Germany, July 24-28, 2017, Proceedings, Part {I}},
  series    = {Lecture Notes in Computer Science},
  volume    = {10426},
  pages     = {3--29},
  publisher = {Springer},
  year      = {2017},
  url       = {https://doi.org/10.1007/978-3-319-63387-9\_1},
  timestamp = {Wed, 22 Dec 2021 17:17:02 +0100},
  biburl    = {https://dblp.org/rec/conf/cav/HuangKWW17.bib},
  bibsource = {dblp computer science bibliography, https://dblp.org}
}

@inproceedings{DBLP:journals/corr/SzegedyZSBEGF13,
  author    = {Christian Szegedy and
               Wojciech Zaremba and
               Ilya Sutskever and
               Joan Bruna and
               Dumitru Erhan and
               Ian J. Goodfellow and
               Rob Fergus},
  editor    = {Yoshua Bengio and
               Yann LeCun},
  title     = {Intriguing properties of neural networks},
  booktitle = {2nd International Conference on Learning Representations, {ICLR} 2014,
               Banff, AB, Canada, April 14-16, 2014, Conference Track Proceedings},
  year      = {2014},
  url       = {http://arxiv.org/abs/1312.6199},
  timestamp = {Thu, 25 Jul 2019 14:35:25 +0200},
  biburl    = {https://dblp.org/rec/journals/corr/SzegedyZSBEGF13.bib},
  bibsource = {dblp computer science bibliography, https://dblp.org}
}

@article{ZhangHML22,
  author    = {Jie M. Zhang and
               Mark Harman and
               Lei Ma and
               Yang Liu},
  title     = {Machine Learning Testing: Survey, Landscapes and Horizons},
  journal   = {{IEEE} Trans. Software Eng.},
  volume    = {48},
  number    = {2},
  pages     = {1--36},
  year      = {2022}
}

% RELUPLEX
@inproceedings{DBLP:conf/cav/KatzBDJK17,
  author    = {Guy Katz and
               Clark W. Barrett and
               David L. Dill and
               Kyle Julian and
               Mykel J. Kochenderfer},
  editor    = {Rupak Majumdar and
               Viktor Kuncak},
  title     = {Reluplex: An Efficient {SMT} Solver for Verifying Deep Neural Networks},
  booktitle = {Computer Aided Verification - 29th International Conference, {CAV}
               2017, Heidelberg, Germany, July 24-28, 2017, Proceedings, Part {I}},
  series    = {Lecture Notes in Computer Science},
  volume    = {10426},
  pages     = {97--117},
  publisher = {Springer},
  year      = {2017},
  url       = {https://doi.org/10.1007/978-3-319-63387-9\_5},
  timestamp = {Wed, 25 Sep 2019 18:02:04 +0200},
  biburl    = {https://dblp.org/rec/conf/cav/KatzBDJK17.bib},
  bibsource = {dblp computer science bibliography, https://dblp.org}
}

% PLANET
@inproceedings{DBLP:conf/atva/Ehlers17,
  author    = {R{\"{u}}diger Ehlers},
  editor    = {Deepak D'Souza and
               K. Narayan Kumar},
  title     = {Formal Verification of Piece-Wise Linear Feed-Forward Neural Networks},
  booktitle = {Automated Technology for Verification and Analysis - 15th International
               Symposium, {ATVA} 2017, Pune, India, October 3-6, 2017, Proceedings},
  series    = {Lecture Notes in Computer Science},
  volume    = {10482},
  pages     = {269--286},
  publisher = {Springer},
  year      = {2017},
  url       = {https://doi.org/10.1007/978-3-319-68167-2\_19},
  timestamp = {Tue, 14 May 2019 10:00:49 +0200},
  biburl    = {https://dblp.org/rec/conf/atva/Ehlers17.bib},
  bibsource = {dblp computer science bibliography, https://dblp.org}
}

% Marabou
@inproceedings{DBLP:conf/cav/KatzHIJLLSTWZDK19,
  author    = {Guy Katz and
               Derek A. Huang and
               Duligur Ibeling and
               Kyle Julian and
               Christopher Lazarus and
               Rachel Lim and
               Parth Shah and
               Shantanu Thakoor and
               Haoze Wu and
               Aleksandar Zeljic and
               David L. Dill and
               Mykel J. Kochenderfer and
               Clark W. Barrett},
  editor    = {Isil Dillig and
               Serdar Tasiran},
  title     = {The Marabou Framework for Verification and Analysis of Deep Neural
               Networks},
  booktitle = {Computer Aided Verification - 31st International Conference, {CAV}
               2019, New York City, NY, USA, July 15-18, 2019, Proceedings, Part
               {I}},
  series    = {Lecture Notes in Computer Science},
  volume    = {11561},
  pages     = {443--452},
  publisher = {Springer},
  year      = {2019},
  url       = {https://doi.org/10.1007/978-3-030-25540-4\_26},
  timestamp = {Tue, 21 Sep 2021 08:35:53 +0200},
  biburl    = {https://dblp.org/rec/conf/cav/KatzHIJLLSTWZDK19.bib},
  bibsource = {dblp computer science bibliography, https://dblp.org}
}

% Big-M
@article{DBLP:journals/mp/AndersonHMTV20,
  author    = {Ross Anderson and
               Joey Huchette and
               Will Ma and
               Christian Tjandraatmadja and
               Juan Pablo Vielma},
  title     = {Strong mixed-integer programming formulations for trained neural networks},
  journal   = {Math. Program.},
  volume    = {183},
  number    = {1},
  pages     = {3--39},
  year      = {2020},
  url       = {https://doi.org/10.1007/s10107-020-01474-5},
  timestamp = {Tue, 02 Mar 2021 11:26:08 +0100},
  biburl    = {https://dblp.org/rec/journals/mp/AndersonHMTV20.bib},
  bibsource = {dblp computer science bibliography, https://dblp.org}
}

% Venus
@inproceedings{DBLP:conf/aaai/BotoevaKKLM20,
  author    = {Elena Botoeva and
               Panagiotis Kouvaros and
               Jan Kronqvist and
               Alessio Lomuscio and
               Ruth Misener},
  title     = {Efficient Verification of ReLU-Based Neural Networks via Dependency
               Analysis},
  booktitle = {The Thirty-Fourth {AAAI} Conference on Artificial Intelligence, {AAAI}
               2020, The Thirty-Second Innovative Applications of Artificial Intelligence
               Conference, {IAAI} 2020, The Tenth {AAAI} Symposium on Educational
               Advances in Artificial Intelligence, {EAAI} 2020, New York, NY, USA,
               February 7-12, 2020},
  pages     = {3291--3299},
  publisher = {{AAAI} Press},
  year      = {2020},
  url       = {https://ojs.aaai.org/index.php/AAAI/article/view/5729},
  timestamp = {Mon, 07 Mar 2022 16:57:52 +0100},
  biburl    = {https://dblp.org/rec/conf/aaai/BotoevaKKLM20.bib},
  bibsource = {dblp computer science bibliography, https://dblp.org}
}

% BaBSR
@article{DBLP:journals/jmlr/BunelLTTKK20,
  author    = {Rudy Bunel and
               Jingyue Lu and
               Ilker Turkaslan and
               Philip H. S. Torr and
               Pushmeet Kohli and
               M. Pawan Kumar},
  title     = {Branch and Bound for Piecewise Linear Neural Network Verification},
  journal   = {J. Mach. Learn. Res.},
  volume    = {21},
  pages     = {42:1--42:39},
  year      = {2020},
  url       = {http://jmlr.org/papers/v21/19-468.html},
  timestamp = {Thu, 18 Jun 2020 22:13:25 +0200},
  biburl    = {https://dblp.org/rec/journals/jmlr/BunelLTTKK20.bib},
  bibsource = {dblp computer science bibliography, https://dblp.org}
}

% Beta-CROWN
@inproceedings{NEURIPS2021_fac7fead,
 author = {Wang, Shiqi and Zhang, Huan and Xu, Kaidi and Lin, Xue and Jana, Suman and Hsieh, Cho-Jui and Kolter, J. Zico},
 booktitle = {Advances in Neural Information Processing Systems},
 editor = {M. Ranzato and A. Beygelzimer and Y. Dauphin and P.S. Liang and J. Wortman Vaughan},
 pages = {29909--29921},
 publisher = {Curran Associates, Inc.},
 title = {Beta-CROWN: Efficient Bound Propagation with Per-neuron Split Constraints for Neural Network Robustness Verification},
 url = {https://proceedings.neurips.cc/paper/2021/file/fac7fead96dafceaf80c1daffeae82a4-Paper.pdf},
 volume = {34},
 year = {2021}
}

% Neurify
@inproceedings{DBLP:conf/nips/WangPWYJ18,
  author    = {Shiqi Wang and
               Kexin Pei and
               Justin Whitehouse and
               Junfeng Yang and
               Suman Jana},
  editor    = {Samy Bengio and
               Hanna M. Wallach and
               Hugo Larochelle and
               Kristen Grauman and
               Nicol{\`{o}} Cesa{-}Bianchi and
               Roman Garnett},
  title     = {Efficient Formal Safety Analysis of Neural Networks},
  booktitle = {Advances in Neural Information Processing Systems 31: Annual Conference
               on Neural Information Processing Systems 2018, NeurIPS 2018, December
               3-8, 2018, Montr{\'{e}}al, Canada},
  pages     = {6369--6379},
  year      = {2018},
  url       = {https://proceedings.neurips.cc/paper/2018/hash/2ecd2bd94734e5dd392d8678bc64cdab-Abstract.html},
  timestamp = {Mon, 16 May 2022 15:41:51 +0200},
  biburl    = {https://dblp.org/rec/conf/nips/WangPWYJ18.bib},
  bibsource = {dblp computer science bibliography, https://dblp.org}
}

% Reluval
@inproceedings{DBLP:conf/uss/WangPWYJ18,
  author    = {Shiqi Wang and
               Kexin Pei and
               Justin Whitehouse and
               Junfeng Yang and
               Suman Jana},
  editor    = {William Enck and
               Adrienne Porter Felt},
  title     = {Formal Security Analysis of Neural Networks using Symbolic Intervals},
  booktitle = {27th {USENIX} Security Symposium, {USENIX} Security 2018, Baltimore,
               MD, USA, August 15-17, 2018},
  pages     = {1599--1614},
  publisher = {{USENIX} Association},
  year      = {2018},
  url       = {https://www.usenix.org/conference/usenixsecurity18/presentation/wang-shiqi},
  timestamp = {Mon, 01 Feb 2021 08:43:20 +0100},
  biburl    = {https://dblp.org/rec/conf/uss/WangPWYJ18.bib},
  bibsource = {dblp computer science bibliography, https://dblp.org}
}

% Alpha-CROWN
@inproceedings{DBLP:conf/iclr/XuZ0WJLH21,
  author    = {Kaidi Xu and
               Huan Zhang and
               Shiqi Wang and
               Yihan Wang and
               Suman Jana and
               Xue Lin and
               Cho{-}Jui Hsieh},
  title     = {Fast and Complete: Enabling Complete Neural Network Verification with
               Rapid and Massively Parallel Incomplete Verifiers},
  booktitle = {9th International Conference on Learning Representations, {ICLR} 2021,
               Virtual Event, Austria, May 3-7, 2021},
  publisher = {OpenReview.net},
  year      = {2021},
  url       = {https://openreview.net/forum?id=nVZtXBI6LNn},
  timestamp = {Tue, 10 Aug 2021 16:44:53 +0200},
  biburl    = {https://dblp.org/rec/conf/iclr/XuZ0WJLH21.bib},
  bibsource = {dblp computer science bibliography, https://dblp.org}
}

@book{DBLP:books/daglib/0040158,
  author    = {Ian J. Goodfellow and
               Yoshua Bengio and
               Aaron C. Courville},
  title     = {Deep Learning},
  series    = {Adaptive computation and machine learning},
  publisher = {{MIT} Press},
  year      = {2016},
  url       = {http://www.deeplearningbook.org/},
  isbn      = {978-0-262-03561-3},
  timestamp = {Sat, 25 Mar 2017 20:16:59 +0100},
  biburl    = {https://dblp.org/rec/books/daglib/0040158.bib},
  bibsource = {dblp computer science bibliography, https://dblp.org}
}

% DeepZ
@inproceedings{NEURIPS2018_f2f44698,
 author = {Singh, Gagandeep and Gehr, Timon and Mirman, Matthew and P\"{u}schel, Markus and Vechev, Martin},
 booktitle = {Advances in Neural Information Processing Systems},
 editor = {S. Bengio and H. Wallach and H. Larochelle and K. Grauman and N. Cesa-Bianchi and R. Garnett},
 pages = {},
 publisher = {Curran Associates, Inc.},
 title = {Fast and Effective Robustness Certification},
 url = {https://proceedings.neurips.cc/paper/2018/file/f2f446980d8e971ef3da97af089481c3-Paper.pdf},
 volume = {31},
 year = {2018}
}

% DeepPoly
@article{DBLP:journals/pacmpl/SinghGPV19,
  author    = {Gagandeep Singh and
               Timon Gehr and
               Markus P{\"{u}}schel and
               Martin T. Vechev},
  title     = {An abstract domain for certifying neural networks},
  journal   = {Proc. {ACM} Program. Lang.},
  volume    = {3},
  number    = {{POPL}},
  pages     = {41:1--41:30},
  year      = {2019},
  url       = {https://doi.org/10.1145/3290354},
  timestamp = {Wed, 17 Feb 2021 08:54:04 +0100},
  biburl    = {https://dblp.org/rec/journals/pacmpl/SinghGPV19.bib},
  bibsource = {dblp computer science bibliography, https://dblp.org}
}

% CROWN
@inproceedings{DBLP:conf/nips/ZhangWCHD18,
  author    = {Huan Zhang and
               Tsui{-}Wei Weng and
               Pin{-}Yu Chen and
               Cho{-}Jui Hsieh and
               Luca Daniel},
  editor    = {Samy Bengio and
               Hanna M. Wallach and
               Hugo Larochelle and
               Kristen Grauman and
               Nicol{\`{o}} Cesa{-}Bianchi and
               Roman Garnett},
  title     = {Efficient Neural Network Robustness Certification with General Activation
               Functions},
  booktitle = {Advances in Neural Information Processing Systems 31: Annual Conference
               on Neural Information Processing Systems 2018, NeurIPS 2018, December
               3-8, 2018, Montr{\'{e}}al, Canada},
  pages     = {4944--4953},
  year      = {2018},
  timestamp = {Mon, 16 May 2022 15:41:51 +0200},
  biburl    = {https://dblp.org/rec/conf/nips/ZhangWCHD18.bib},
  bibsource = {dblp computer science bibliography, https://dblp.org}
}

% LP-ALL
@inproceedings{DBLP:conf/nips/SalmanY0HZ19,
  author    = {Hadi Salman and
               Greg Yang and
               Huan Zhang and
               Cho{-}Jui Hsieh and
               Pengchuan Zhang},
  editor    = {Hanna M. Wallach and
               Hugo Larochelle and
               Alina Beygelzimer and
               Florence d'Alch{\'{e}}{-}Buc and
               Emily B. Fox and
               Roman Garnett},
  title     = {A Convex Relaxation Barrier to Tight Robustness Verification of Neural
               Networks},
  booktitle = {Advances in Neural Information Processing Systems 32: Annual Conference
               on Neural Information Processing Systems 2019, NeurIPS 2019, December
               8-14, 2019, Vancouver, BC, Canada},
  pages     = {9832--9842},
  year      = {2019},
  timestamp = {Mon, 16 May 2022 15:41:51 +0200},
  biburl    = {https://dblp.org/rec/conf/nips/SalmanY0HZ19.bib},
  bibsource = {dblp computer science bibliography, https://dblp.org}
}


@article{Zheng2022,
  title={Multi-path Back-propagation Method for Neural Network Verification (in Chinese)},
  author={Ye Zheng and 
          Xiaomu Shi and
          Jiaxiang Liu},
  journal={Ruan Jian Xue Bao/Journal of Software},
  volume={33},
  number={7},
  pages={2464--2481},
  year={2022},
  language={Chinese},
  url={http://www.jos.org.cn/1000-9825/6585.htm}
}

% k-ReLU
@inproceedings{DBLP:conf/nips/SinghGPV19,
  author    = {Gagandeep Singh and
               Rupanshu Ganvir and
               Markus P{\"{u}}schel and
               Martin T. Vechev},
  editor    = {Hanna M. Wallach and
               Hugo Larochelle and
               Alina Beygelzimer and
               Florence d'Alch{\'{e}}{-}Buc and
               Emily B. Fox and
               Roman Garnett},
  title     = {Beyond the Single Neuron Convex Barrier for Neural Network Certification},
  booktitle = {Advances in Neural Information Processing Systems 32: Annual Conference
               on Neural Information Processing Systems 2019, NeurIPS 2019, December
               8-14, 2019, Vancouver, BC, Canada},
  pages     = {15072--15083},
  year      = {2019},
  url       = {https://proceedings.neurips.cc/paper/2019/hash/0a9fdbb17feb6ccb7ec405cfb85222c4-Abstract.html},
  timestamp = {Mon, 16 May 2022 15:41:51 +0200},
  biburl    = {https://dblp.org/rec/conf/nips/SinghGPV19.bib},
  bibsource = {dblp computer science bibliography, https://dblp.org}
}

% OptC2V
@inproceedings{DBLP:conf/nips/TjandraatmadjaA20,
  author    = {Christian Tjandraatmadja and
               Ross Anderson and
               Joey Huchette and
               Will Ma and
               Krunal Patel and
               Juan Pablo Vielma},
  editor    = {Hugo Larochelle and
               Marc'Aurelio Ranzato and
               Raia Hadsell and
               Maria{-}Florina Balcan and
               Hsuan{-}Tien Lin},
  title     = {The Convex Relaxation Barrier, Revisited: Tightened Single-Neuron
               Relaxations for Neural Network Verification},
  booktitle = {Advances in Neural Information Processing Systems 33: Annual Conference
               on Neural Information Processing Systems 2020, NeurIPS 2020, December
               6-12, 2020, virtual},
  year      = {2020},
  url       = {https://proceedings.neurips.cc/paper/2020/hash/f6c2a0c4b566bc99d596e58638e342b0-Abstract.html},
  timestamp = {Tue, 19 Jan 2021 15:57:13 +0100},
  biburl    = {https://dblp.org/rec/conf/nips/TjandraatmadjaA20.bib},
  bibsource = {dblp computer science bibliography, https://dblp.org}
}

% PRIMA
@article{DBLP:journals/pacmpl/MullerMSPV22,
  author    = {Mark Niklas M{\"{u}}ller and
               Gleb Makarchuk and
               Gagandeep Singh and
               Markus P{\"{u}}schel and
               Martin T. Vechev},
  title     = {{PRIMA:} general and precise neural network certification via scalable
               convex hull approximations},
  journal   = {Proc. {ACM} Program. Lang.},
  volume    = {6},
  number    = {{POPL}},
  pages     = {1--33},
  year      = {2022},
  url       = {https://doi.org/10.1145/3498704},
  timestamp = {Mon, 14 Feb 2022 17:12:43 +0100},
  biburl    = {https://dblp.org/rec/journals/pacmpl/MullerMSPV22.bib},
  bibsource = {dblp computer science bibliography, https://dblp.org}
}

% optimal convex hull
@article{DBLP:journals/dcg/Chazelle93,
  author    = {Bernard Chazelle},
  title     = {An Optimal Convex Hull Algorithm in Any Fixed Dimension},
  journal   = {Discret. Comput. Geom.},
  volume    = {10},
  pages     = {377--409},
  year      = {1993},
  url       = {https://doi.org/10.1007/BF02573985},
  timestamp = {Thu, 12 Mar 2020 17:21:11 +0100},
  biburl    = {https://dblp.org/rec/journals/dcg/Chazelle93.bib},
  bibsource = {dblp computer science bibliography, https://dblp.org}
}

@article{DBLP:journals/csr/HuangKRSSTWY20,
  author    = {Xiaowei Huang and
               Daniel Kroening and
               Wenjie Ruan and
               James Sharp and
               Youcheng Sun and
               Emese Thamo and
               Min Wu and
               Xinping Yi},
  title     = {A survey of safety and trustworthiness of deep neural networks: Verification,
               testing, adversarial attack and defence, and interpretability},
  journal   = {Comput. Sci. Rev.},
  volume    = {37},
  pages     = {100270},
  year      = {2020},
  url       = {https://doi.org/10.1016/j.cosrev.2020.100270},
  timestamp = {Sat, 09 Apr 2022 12:28:57 +0200},
  biburl    = {https://dblp.org/rec/journals/csr/HuangKRSSTWY20.bib},
  bibsource = {dblp computer science bibliography, https://dblp.org}
}  

@article{DBLP:journals/corr/abs-1907-00374,
  author    = {Nir Morgulis and
               Alexander Kreines and
               Shachar Mendelowitz and
               Yuval Weisglass},
  title     = {Fooling a Real Car with Adversarial Traffic Signs},
  journal   = {CoRR},
  volume    = {abs/1907.00374},
  year      = {2019},
  url       = {http://arxiv.org/abs/1907.00374},
  eprinttype = {arXiv},
  eprint    = {1907.00374},
  timestamp = {Mon, 08 Jul 2019 14:12:33 +0200},
  biburl    = {https://dblp.org/rec/journals/corr/abs-1907-00374.bib},
  bibsource = {dblp computer science bibliography, https://dblp.org}
}

% idea of intergral method
@article{ref_book1,
  title={The shapes of space},
  author={Collins, Graham P},
  journal={Scientific American},
  volume={291},
  number={1},
  pages={94--103},
  year={2004},
  publisher={JSTOR}
}

% hyperdimension
@online{ref_url1,
	title  = {Dimensions: a walk through mathematics},
	url = "http://www.dimensions-math.org/Dim_ZH_si.htm",
	year   = {2008},
	lastaccessed = "2022"
}

% volume calculation
@article{ref_article1,
  title={The Geometric Significance of Determinant and Calculation of Polyhedron Volume},
  author={HE Zhao-kui, ZHENG Su-juan, SUN Zhong-xi},
  journal={COLLEGE MATHEMATICS},
  volume={37},
  number={3},
  pages={105--109},
  year={2021},
  publisher={COLLEGE MATHEMATICS}
}

% time-cost method of approximaiton hypervolume
@article{ref_article2,
  author    = {Karl Bringmann and
               Tobias Friedrich},
  title     = {Approximating the volume of unions and intersections of high-dimensional
               geometric objects},
  journal   = {Comput. Geom.},
  volume    = {43},
  number    = {6-7},
  pages     = {601--610},
  year      = {2010},
  url       = {https://doi.org/10.1016/j.comgeo.2010.03.004},
  timestamp = {Thu, 11 Feb 2021 23:27:04 +0100},
  biburl    = {https://dblp.org/rec/journals/comgeo/BringmannF10.bib},
  bibsource = {dblp computer science bibliography, https://dblp.org}
}

@article{ref_article3,
  title={An algorithm for volume estimation based on polyhedral approximation},
  author={Cook, Larry T and Cook, P Nong and Lee, Kyo Rak and Batnitzky, Solomon and Wong, Bert YS and Fritz, Steven L and Ophir, Jonathan and Dwyer, Samuel J and Bigongiari, Lawrence R and Templeton, Arch W},
  journal={IEEE Transactions on Biomedical Engineering},
  number={9},
  pages={493--500},
  year={1980},
  publisher={IEEE}
}


% Melkman method
@article{ref_url2,
  author    = {Avraham A. Melkman},
  title     = {On-Line Construction of the Convex Hull of a Simple Polyline},
  journal   = {Inf. Process. Lett.},
  volume    = {25},
  number    = {1},
  pages     = {11--12},
  year      = {1987},
  url       = {https://doi.org/10.1016/0020-0190(87)90086-X},
  timestamp = {Mon, 16 Sep 2019 14:52:24 +0200},
  biburl    = {https://dblp.org/rec/journals/ipl/Melkman87.bib},
  bibsource = {dblp computer science bibliography, https://dblp.org}
}

% volume calculation (another)
@article{ref_article4,
  title={An analytical expression and an algorithm for the volume of a convex polyhedron inr n},
  author={Lasserre, Jean B},
  journal={Journal of optimization theory and applications},
  volume={39},
  number={3},
  pages={363--377},
  year={1983},
  publisher={Springer}
}

% Gurobi
@online{ref_url3,
	title  = {Gurobi optimizer reference manual},
	url = "http://www.gurobi.com",
	year   = {2008},
	lastaccessed = "2022"
}

% ERAN
@online{ref_url4,
        title =        "{ETH} Robustness Analyzer for Neural Networks ({ERAN})",
        author = "SRI{ }Lab",	
	url = "https://github.com/eth-sri/eran",
	year   = {2022},
	lastaccessed = "2022"
}


% Reluplex(in line56)
% RELUPLEX
@inproceedings{ref_article5,
  author    = {Guy Katz and
               Clark W. Barrett and
               David L. Dill and
               Kyle Julian and
               Mykel J. Kochenderfer},
  editor    = {Rupak Majumdar and
               Viktor Kuncak},
  title     = {Reluplex: An Efficient {SMT} Solver for Verifying Deep Neural Networks},
  booktitle = {Computer Aided Verification - 29th International Conference, {CAV}
               2017, Heidelberg, Germany, July 24-28, 2017, Proceedings, Part {I}},
  series    = {Lecture Notes in Computer Science},
  volume    = {10426},
  pages     = {97--117},
  publisher = {Springer},
  year      = {2017},
  url       = {https://doi.org/10.1007/978-3-319-63387-9\_5},
  timestamp = {Wed, 25 Sep 2019 18:02:04 +0200},
  biburl    = {https://dblp.org/rec/conf/cav/KatzBDJK17.bib},
  bibsource = {dblp computer science bibliography, https://dblp.org}
}

# survey - liu
@article{DBLP:journals/ftopt/LiuALSBK21,
  author    = {Changliu Liu and
               Tomer Arnon and
               Christopher Lazarus and
               Christopher A. Strong and
               Clark W. Barrett and
               Mykel J. Kochenderfer},
  title     = {Algorithms for Verifying Deep Neural Networks},
  journal   = {Found. Trends Optim.},
  volume    = {4},
  number    = {3-4},
  pages     = {244--404},
  year      = {2021},
  url       = {https://doi.org/10.1561/2400000035},
  timestamp = {Tue, 02 Mar 2021 17:33:36 +0100},
  biburl    = {https://dblp.org/rec/journals/ftopt/LiuALSBK21.bib},
  bibsource = {dblp computer science bibliography, https://dblp.org}
}

# proof of 4D content for prime
@book{sommerville2020introduction,
  title={Introduction to the Geometry of N Dimensions},
  author={Sommerville, Duncan MY},
  year={2020},
  publisher={Courier Dover Publications}
}

# V-representation
@article{frenkel1988vertex,
  title={Vertex representations of quantum affine algebras},
  author={Frenkel, Igor B and Jing, Naihuan},
  journal={Proceedings of the National Academy of Sciences},
  volume={85},
  number={24},
  pages={9373--9377},
  year={1988},
  publisher={National Acad Sciences}
}

# H-representation
@article{gaubert2011minimal,
  title={Minimal half-spaces and external representation of tropical polyhedra},
  author={Gaubert, St{\'e}phane and Katz, Ricardo D},
  journal={Journal of Algebraic Combinatorics},
  volume={33},
  number={3},
  pages={325--348},
  year={2011},
  publisher={Springer}
}

# convex.hull.volume()
@article{sklansky1982finding,
  title={Finding the convex hull of a simple polygon},
  author={Sklansky, Jack},
  journal={Pattern Recognition Letters},
  volume={1},
  number={2},
  pages={79--83},
  year={1982},
  publisher={Elsevier Science Inc. New York, NY, USA}
}

# the non-decreasing-ness of convex hull
@article{zhang2010convex,
  title={Convex hull properties and algorithms},
  author={Zhang, Xianquan and Tang, Zhenjun and Yu, Jinhui and Guo, Mingming and Jiang, Lianyuan},
  journal={Applied mathematics and computation},
  volume={216},
  number={11},
  pages={3209--3218},
  year={2010},
  publisher={Elsevier}
}


# Khachiyan algorithm for approximation provement
@article{approximationbase,
  title={Extremum problems with inequalities as subsidiary conditions},
  author={John F.},
  journal={Traces and emergence of nonlinear programming. },
  pages={197--215},
  year={2014},
  publisher={Springer}
}

@article{approximationprove,
  title={Minimum-volume enclosing ellipsoids and core sets},
  author={Kumar, Piyush and E. Alper Yildirim},
  journal={Journal of Optimization Theory and applications},
  volume={126},
  number={1},
  pages={1--21},
  year={2005},
  publisher={Springer}
}

# Khachiyan algorithm
@article{khachiyan,
  title={Rounding of Polytopes in the Real Number Model of Computation},
  author={Khachiyan, L. G.},
  journal={Mathematics of Operations Research},
  volume={21},
  pages={307--320},
  year={1998},
  publisher={pubsonline}
}

# VNN-COMP 2021
@article{DBLP:journals/corr/abs-2109-00498,
  author    = {Stanley Bak and
               Changliu Liu and
               Taylor T. Johnson},
  title     = {The Second International Verification of Neural Networks Competition
               {(VNN-COMP} 2021): Summary and Results},
  journal   = {CoRR},
  volume    = {abs/2109.00498},
  year      = {2021},
  url       = {https://arxiv.org/abs/2109.00498},
  eprinttype = {arXiv},
  eprint    = {2109.00498},
  timestamp = {Mon, 20 Sep 2021 16:29:41 +0200},
  biburl    = {https://dblp.org/rec/journals/corr/abs-2109-00498.bib},
  bibsource = {dblp computer science bibliography, https://dblp.org}
}

@inproceedings{mirman2018differentiable,
  title={Differentiable abstract interpretation for provably robust neural networks},
  author={Mirman, Matthew and Gehr, Timon and Vechev, Martin},
  booktitle={International Conference on Machine Learning},
  pages={3578--3586},
  year={2018},
  organization={PMLR}
}

@article{betke1993approximating,
  title={Approximating the volume of convex bodies},
  author={Betke, Ulrich and Henk, Martin},
  journal={Discrete \& Computational Geometry},
  volume={10},
  pages={15--21},
  year={1993},
  publisher={Springer}
}

@article{barber2013qhull,
  title={Qhull: Quickhull algorithm for computing the convex hull},
  author={Barber, C Bradford and Dobkin, David P and Huhdanpaa, Hannu},
  journal={Astrophysics Source Code Library},
  pages={ascl--1304},
  year={2013}
}

@article{elekes1986geometric,
  title={A geometric inequality and the complexity of computing volume},
  author={Elekes, Gy{\"o}rgy},
  journal={Discrete \& Computational Geometry},
  volume={1},
  pages={289--292},
  year={1986},
  publisher={Springer}
}

@inproceedings{zhao2022cleverest,
  title={CLEVEREST: Accelerating CEGAR-based Neural Network Verification via Adversarial Attacks},
  author={Zhao, Zhe and Zhang, Yedi and Chen, Guangke and Song, Fu and Chen, Taolue and Liu, Jiaxiang},
  booktitle={Static Analysis: 29th International Symposium, SAS 2022, Auckland, New Zealand, December 5--7, 2022, Proceedings},
  pages={449--473},
  year={2022},
  organization={Springer}
}

@inproceedings{goubault2021static,
  title={Static analysis of ReLU neural networks with tropical polyhedra},
  author={Goubault, Eric and Palumby, S{\'e}bastien and Putot, Sylvie and Rustenholz, Louis and Sankaranarayanan, Sriram},
  booktitle={Static Analysis: 28th International Symposium, SAS 2021, Chicago, IL, USA, October 17--19, 2021, Proceedings 28},
  pages={166--190},
  year={2021},
  organization={Springer}
}

@article{li1999convexity,
  title={Convexity preserving interpolation},
  author={Li, Aidi},
  journal={Computer Aided Geometric Design},
  volume={16},
  number={2},
  pages={127--147},
  year={1999},
  publisher={Elsevier}
}